<record><leader>00000cas a22000007a 4500</leader><controlfield tag="001">12293276</controlfield><controlfield tag="008">850723u1891uuuualuwr ne      0    0eng d</controlfield><datafield ind1=" " ind2=" " tag="010"><subfield code="a">sn 85044821 </subfield></datafield><datafield ind1=" " ind2=" " tag="040"><subfield code="a">ALM</subfield><subfield code="b">eng</subfield><subfield code="c">ALM</subfield><subfield code="d">CPN</subfield><subfield code="d">OCLCQ</subfield></datafield><datafield ind1=" " ind2=" " tag="042"><subfield code="a">msc</subfield></datafield><datafield ind1="0" ind2="4" tag="245"><subfield code="a">The Attalla vigil.</subfield></datafield><datafield ind1="1" ind2="3" tag="246"><subfield code="a">Vigil</subfield></datafield><datafield ind1=" " ind2=" " tag="260"><subfield code="a">Attalla, Ala. :</subfield><subfield code="b">[Hall, Gardner, and Gardner],</subfield><subfield code="c">1891-</subfield></datafield><datafield ind1=" " ind2=" " tag="300"><subfield code="a">v. :</subfield><subfield code="b">ill. ;</subfield><subfield code="c">61 cm.</subfield></datafield><datafield ind1=" " ind2=" " tag="310"><subfield code="a">Weekly</subfield></datafield><datafield ind1="0" ind2=" " tag="362"><subfield code="a">Vol. 1, no. 1 (May 14, 1891)-</subfield></datafield><datafield ind1=" " ind2=" " tag="500"><subfield code="a">Editors: J.H.B. Hall, P.C. Gardner, and W.C. Gardner.</subfield></datafield><datafield ind1=" " ind2=" " tag="752"><subfield code="a">United States</subfield><subfield code="b">Alabama</subfield><subfield code="c">Etowah</subfield><subfield code="d">Attalla.</subfield></datafield><datafield ind1="1" ind2=" " tag="029"><subfield code="a">AU@</subfield><subfield code="b">000025830520</subfield></datafield></record>